@article{johnson2016mimic,
  title="{MIMIC-III, a freely accessible critical care database}",
  author="Johnson, Alistair EW and Pollard, Tom J and Shen, Lu and Li-wei, H Lehman and Feng, Mengling and Ghassemi, Mohammad and Moody, Benjamin and Szolovits, Peter and Celi, Leo Anthony and Mark, Roger G",
  journal="Scientific data",
  volume="3",
  pages="160035",
  year="2016",
  publisher="Nature Publishing Group"
}

@Inbook{Mark2016,
	author="Mark, Roger",
	title="{The Story of MIMIC}",
	bookTitle="Secondary Analysis of Electronic Health Records",
	year="2016",
	publisher="Springer International Publishing",
	address="Cham",
	pages="43--49",
	abstract="MIMIC is a Medical Information Mart for Intensive Care and consists of several comprehensive data streams in the intensive care environment, in high levels of richness and detail, supporting complex signal processing and clinical querying that could permit early detection of complex problems, provide useful guidance on therapeutic interventions, and ultimately lead to improved patient outcomes.",
	isbn="978-3-319-43742-2",
	doi="10.1007/978-3-319-43742-2_5",
	url="https://doi.org/10.1007/978-3-319-43742-2_5"
}

@misc{Pollard2016mimic,
	author = "Pollard, T. J. and Johnson, A. E. W.",
	title = "The MIMIC-III Clinical Database",
	year = "2016",
	note = "http://dx.doi.org/10.13026/C2XW26"
}

@article{goldberger2000physiobank,
	title={PhysioBank, PhysioToolkit, and PhysioNet: components of a new research resource for complex physiologic signals},
	author={Goldberger, Ary L and Amaral, Luis AN and Glass, Leon and Hausdorff, Jeffrey M and Ivanov, Plamen Ch and Mark, Roger G and Mietus, Joseph E and Moody, George B and Peng, Chung-Kang and Stanley, H Eugene},
	journal={Circulation},
	volume={101},
	number={23},
	pages={e215--e220},
	year={2000},
	publisher={Am Heart Assoc}
}


@misc{WHO2019,
	author = {World Health Organization},
	title = {Classification of Diseases (ICD),, 11th Revision (ICD-11)},
	year = {2019},
	note ={Retrieved from \url{https://www.who.int/classifications/icd/en/}}
}

@misc{ICD2019,
	author = {ICD.Codes},
	title = {The switch from ICD-9 to ICD-10: When and why},
	year = {2019},
	note ={Retrieved from \url{https://icd.codes/articles/icd9-to-icd10-explained}}
}

@misc{CDC2019,
	author = {{Centers for Disease Control and Prevention}},
	title = {International Classification of Diseases,Ninth Revision, Clinical Modification (ICD-9-CM)},
	year = {2019},
	note ={Retrieved from \url{https://www.cdc.gov/nchs/icd/icd9cm.htm}}
}

@misc{MoH2019,
	author = {{Ministry of Health}},
	title = {ICD-10-AM/ACHI/ACS},
	year = {2019},
	note ={Retrieved from \url{https://www.health.govt.nz/nz-health-statistics/classification-and-terminology/icd-10-am-achi-acs}}
}

@misc{andrus2013, 
	title={Understanding the ICD-10 Code Structure}, 
	journal={WebPT}, 
	author={Andrus, Brooke and Bohnett, Charlotte}, 
	year={2013}, 
	month={Oct},
	note ={Retrieved from \url{https://www.webpt.com/blog/post/understanding-icd-/10-code-structure}}
}

@Manual{R,
	title = {R: A Language and Environment for Statistical Computing},
	author = {{R Core Team}},
	organization = {R Foundation for Statistical Computing},
	address = {Vienna, Austria},
	year = {2013},
	url = {http://www.R-project.org/},
}

@Manual{SAS,
	title = {SAS 9.4 Statements: Reference.},
	author = {{SAS Institute Inc}},
	organization = {SAS Institute Inc.},
	address = {Cary, NC},
	year = {2013},
	url = {https://www.sas.com/en_nz/software/sas9.html},
}

@Manual{Rstudio, 
	title = {RStudio: Integrated Development Environment for R}, 
	author = {{RStudio Team}},
	organization = {RStudio, Inc.}, 
	address = {Boston, MA}, 
	year = {2015}, 
	url = {http://www.rstudio.com/}
}

@article{berry2004,
	title={Accounting for multiplicities in assessing drug safety: a three-level hierarchical mixture model},
	author={Berry, Scott M and Berry, Donald A},
	journal={Biometrics},
	volume={60},
	number={2},
	pages={418--426},
	year={2004},
	publisher={Wiley Online Library}
}

@article{GO2007,
	title={The gene ontology project in 2008},
	author={{Gene Ontology Consortium}},
	journal={Nucleic acids research},
	volume={36},
	number={suppl\_1},
	pages={D440--D444},
	year={2007},
	publisher={Oxford University Press}
}

@book{hyndman2018forecasting,
	title={Forecasting: principles and practice},
	author={Hyndman, Rob J and Athanasopoulos, George},
	year={2018},
	address ={Melbourne, Australia},
	publisher={OTexts},
	url = {OTexts.com/fpp2.},
	urldate = {29/06/2019}	
}

@article{wong2010understanding,
	title={Understanding hospital and emergency department congestion: an examination of inpatient admission trends and bed resources},
	author={Wong, Hannah J and Morra, Dante and Caesar, Michael and Carter, Michael W and Abrams, Howard},
	journal={Canadian Journal of Emergency Medicine},
	volume={12},
	number={1},
	pages={18--26},
	year={2010},
	publisher={Cambridge University Press}
}

@article{bayley2005financial,
	title={The financial burden of emergency department congestion and hospital crowding for chest pain patients awaiting admission},
	author={Bayley, Matthew D and Schwartz, J Sanford and Shofer, Frances S and Weiner, Mark and Sites, Frank D and Traber, K Bobbi and Hollander, Judd E},
	journal={Annals of emergency medicine},
	volume={45},
	number={2},
	pages={110--117},
	year={2005},
	publisher={Elsevier}
}

@book{cornwall2004impact,
	title={Impact of population ageing in New Zealand on the demand for health and disability support services, and workforce implications},
	author={Cornwall, Justine and Davey, Judith A},
	year={2004},
	publisher={Ministry of Health Wellington, New Zealand}
}

@article{khare2009adding,
	title={Adding more beds to the emergency department or reducing admitted patient boarding times: which has a more significant influence on emergency department congestion?},
	author={Khare, Rahul K and Powell, Emilie S and Reinhardt, Gilles and Lucenti, Martin},
	journal={Annals of emergency medicine},
	volume={53},
	number={5},
	pages={575--585},
	year={2009},
	publisher={Elsevier}
}

@article{salway2017emergency,
	title={Emergency Department (ED) overcrowding: evidence-based answers to frequently asked questions},
	author={Salway, RJ and Valenzuela, R and Shoenberger, JM and Mallon, WK and Viccellio, A},
	journal={Revista M{\'e}dica Cl{\'\i}nica Las Condes},
	volume={28},
	number={2},
	pages={213--219},
	year={2017},
	publisher={Elsevier}
}

@article{chambers2016burnout,
	title={Burnout prevalence in New Zealand's public hospital senior medical workforce: a cross-sectional mixed methods study},
	author={Chambers, Charlotte NL and Frampton, Christopher MA and Barclay, Murray and McKee, Martin},
	journal={BMJ open},
	volume={6},
	number={11},
	pages={e013947},
	year={2016},
	publisher={British Medical Journal Publishing Group}
}

@article{morley2018emergency,
	title={Emergency department crowding: A systematic review of causes, consequences and solutions},
	author={Morley, Claire and Unwin, Maria and Peterson, Gregory M and Stankovich, Jim and Kinsman, Leigh},
	journal={PloS one},
	volume={13},
	number={8},
	pages={e0203316},
	year={2018},
	publisher={Public Library of Science}
}

@misc{akoorie2018,
	author =   {Akoorie, Natalie},
	year = {2018},
	title={Underfunding of health system leads to \$ 240m blowout},
	note ={Retrieved from \url{https://www.nzherald.co.nz/nz/news/article.cfm?c_id=1&objectid=12128639}}
}

@misc{WB2019,
	author = {{The World Bank}},
	title = {Current health expenditure \(\% of GDP\), New Zealand},
	year = {2019},
	note ={Retrieved from \url{http://data.worldbank.org/indicator/SP.DYN.LE00.FE.IN}}
}

@misc{HemOnc2008,
	author =   {{HemOnc Today}},
	year = {2008},
	title={The psychology of oncology: Physician burnout is going unrecognized},
	note ={Retrieved from \url{www.healio.com}}
}


@article{paterson2011professional,
	title={Professional burnout--a regulatory perspective},
	author={Paterson, Ron and Adams, John},
	journal={NZ Med J},
	volume={124},
	number={1333},
	pages={40--6},
	year={2011}
}

@article{southland2015, 
	title={Health Board accepts delays caused woman's death}, 
	journal={https://www.pressreader.com/}, 
	author={{Southland times}}, 
	year={2015}, 
	month={May}}



@misc{MoH19triage,
	author = "{{Ministry of Health}}",
	title = {Emergency department triage},
	year = 2011,
	note ={Retrieved from \url{https://www.health.govt.nz/our-work/hospitals-and-specialist-care/emergency-departments/emergency-department-triage}}
}

@misc{MoH19pathway,
	author = "{{Ministry of Health}}",
	title = {How the Electives process works},
	year =  2016,
	note ={Retrieved from \url{https://www.health.govt.nz/our-work/hospitals-and-specialist-care/elective-services/how-electives-process-works}}
}

@misc{MoH19primary,
	author = "{{Ministry of Health}}",
	title = {Interface with primary health care},
	year =  2015,
	note ={Retrieved from \url{https://www.health.govt.nz/our-work/hospitals-and-specialist-care/emergency-departments/interface-primary-health-care}}
}

@misc{MoH19ed,
	author = "{{Ministry of Health}}",
	title = {About emergency departments},
	year =  2009,
	note ={Retrieved from \url{https://www.health.govt.nz/our-work/hospitals-and-specialist-care/emergency-departments/about-emergency-departments}}
}

@unpublished{adam2018,
	author  = "Adams, T. and O’Sullivan, M. and Walker, C.",
	title   = {A Simulation Model of Auckland City Hospital’s Emergency Department},
	year    = {2018},
	note    = {Unpublished report}
}

@unpublished{Cleland2018,
	title= {Improved Staff Rostering Algorithms},
	author = "Cleland, I. D. and Mason, A. and O’Sullivan, M.",
	year = {2018},
	note= {2018 Joint NZSA/ORSNZ Conference. Palmerston North, New Zealand},
	URL= {https://www.stats.org.nz/2018-joint-nzsa-orsnz-conference/}
}

@unpublished{Nickle2018,
	title= {Health Care Logistics},
	author = "Nickel, Stefan",
	year = {2018},
	note= {2018 Joint NZSA/ORSNZ Conference. Palmerston North, New Zealand},
	URL= {https://r-resources.massey.ac.nz/nzsa2018/nickel-stefan.html}
}

@misc{Rahtz2015,
	author =   {Rahtz, M.},
	year = {2015},
	title={Anomaly Detection with K-Means Clustering},
	note ={Retrieved from \url{http://amid.fish/anomaly-detection-with-k-means-clustering}}
}

@article{edgeworth1887xli,
	title={Xli. on discordant observations},
	author={Edgeworth, Francis Ysidro},
	journal={The London, Edinburgh, and Dublin Philosophical Magazine and Journal of Science},
	volume={23},
	number={143},
	pages={364--375},
	year={1887},
	publisher={Taylor \& Francis}
}

@article{grubbs1969procedures,
	title={Procedures for detecting outlying observations in samples},
	author={Grubbs, Frank E},
	journal={Technometrics},
	volume={11},
	number={1},
	pages={1--21},
	year={1969},
	publisher={Taylor \& Francis}
}

@article{chandola2009anomaly,
	title={Anomaly detection: A survey},
	author={Chandola, Varun and Banerjee, Arindam and Kumar, Vipin},
	journal={ACM computing surveys (CSUR)},
	volume={41},
	number={3},
	pages={15},
	year={2009},
	publisher={ACM}
}


@misc{LaRosa2018,
	author =   {La Rosa, A.},
	year = {2018},
	title={Anomaly Detection In Monitoring: Problems We Can Resolve With It},
	note ={Retrieved from \url{https://pandorafms.com/blog/anomaly-detection-in-monitoring/}}
}


@article{patcha2007overview,
	title={An overview of anomaly detection techniques: Existing solutions and latest technological trends},
	author={Patcha, Animesh and Park, Jung-Min},
	journal={Computer networks},
	volume={51},
	number={12},
	pages={3448--3470},
	year={2007},
	publisher={Elsevier}
}

@misc{Target2018,
	author =   {{Target Internet}},
	year = {2018},
	title={What Is Data Scraping and How Can You Use It?},
	note ={Retrieved from \url{https://www.targetinternet.com/what-is-data-scraping/-and-how-can-you-use-it/}}
}

@misc{das1994time,
title={Time series analysis},
author={Das, Samarjit},
year={1994},
publisher={Princeton University Press, Princeton, NJ}
}

@inproceedings{wong2003bayesian,
	title={Bayesian network anomaly pattern detection for disease outbreaks},
	author={Wong, Weng-Keen and Moore, Andrew W and Cooper, Gregory F and Wagner, Michael M},
	booktitle={Proceedings of the 20th International Conference on Machine Learning (ICML-03)},
	pages={808--815},
	year={2003}
}

@InProceedings{bauer2007high,
	author="Bauer, David
	and Higgs, Brandon W.
	and Mohtashemi, Mojdeh",
	editor="Zeng, Daniel
	and Gotham, Ivan
	and Komatsu, Ken
	and Lynch, Cecil
	and Thurmond, Mark
	and Madigan, David
	and Lober, Bill
	and Kvach, James
	and Chen, Hsinchun",
	title="High Performance Computing for Disease Surveillance",
	booktitle="Intelligence and Security Informatics: Biosurveillance",
	year="2007",
	publisher="Springer Berlin Heidelberg",
	address="Berlin, Heidelberg",
	pages="71--78"
}


@book{stigler2002statistics,
	title={Statistics on the table: The history of statistical concepts and methods},
	author={Stigler, Stephen M},
	year={2002},
	publisher={Harvard University Press}
}

@article{allenby2005hierarchical,
	title={Hierarchical Bayes Models: A Practitioners Guide. SSRN Scholarly Paper ID 655541},
	author={Allenby, Greg M and Rossi, Peter E and McCulloch, Robert E},
	journal={Social Science Research Network, Rochester, NY},
	year={2005}
}

@book{mcgrayne2011theory,
	title={The theory that would not die: how Bayes' rule cracked the enigma code, hunted down Russian submarines, \& emerged triumphant from two centuries of controversy},
	author={McGrayne, Sharon Bertsch},
	year={2011},
	publisher={Yale University Press}
}

@unpublished{Johns2018,
	title= {Diagnostic Test Evaluation or: How I Learned to Stop Worrying and Love Bayesian Statistics},
	author = "Jones, Geoff",
	year = {2018},
	note= {2018 Joint NZSA/ORSNZ Conference. Palmerston North, New Zealand.},
	URL= {https://r-resources.massey.ac.nz/nzsa2018/jones-geoff.html}
}

@book{wheeler2011evidential,
	title={Evidential probability and objective Bayesian epistemology},
	author={Wheeler, Gregory and Williamson, Jon},
	booktitle={Philosophy of Statistics},
	pages={307--331},
	year={2011},
	publisher={Elsevier}
}

@article{paulos2011mathematics,
	title={The mathematics of changing your mind},
	author={Paulos, John Allen},
	journal={New York Times (US)},
	year={2011}
}

@book{laplace1998pierre,
	title={Pierre-Simon Laplace Philosophical Essay on Probabilities: Translated from the fifth French edition of 1825 With Notes by the Translator},
	author={Laplace, Pierre-Simon},
	volume={13},
	year={1998},
	publisher={Springer Science \& Business Media}
}

@misc{brewer13,
	author        = {Brewer, B. J.},
	title         = {Lecture notes in Stats 331 Introduction to Bayesian Statistics},
	year          = {2017},
	note  = {University of Auckland}
}

@misc{Wong19,
	author        = {Wong, Yong},
	title         = {Lecture notes in Stats 732 Topic in Statistical Inference},
	year          = {2019},
	note  = {University of Auckland}
}

@book{congdon2007bayesian,
	title={Bayesian statistical modelling},
	author={Congdon, Peter},
	volume={704},
	year={2007},
	publisher={John Wiley \& Sons}
}

@misc{Fewster14,
	author        = {Fewster, R.},
	title         = {Lecture notes in Stats 325 Stochastic Processes},
	year          = {2014},
	note  = {University of Auckland}
}

@Manual{rjags,
	title = {rjags: Bayesian Graphical Models using MCMC},
	author = {Martyn Plummer},
	year = {2018},
	note = {R package version 4-8},
	url = {https://CRAN.R-project.org/package=rjags},
}

@inproceedings{plummer2003jags,
	title={JAGS: A program for analysis of Bayesian graphical models using Gibbs sampling},
	author={Plummer, Martyn and others},
	booktitle={Proceedings of the 3rd international workshop on distributed statistical computing},
	volume={124},
	pages={10},
	year={2003},
	organization={Vienna, Austria.}
}

@article{open2015estimating,
	title={Estimating the reproducibility of psychological science},
	author={{Open Science Collaboration and others}},
	journal={Science},
	volume={349},
	number={6251},
	pages={aac4716},
	year={2015},
	publisher={American Association for the Advancement of Science}
}

@book{herring2001culture,
	title={Culture, technology, communication: Towards an intercultural global village},
	author={Herring, Susan},
	year={2001},
	publisher={Suny Press}
}

@book{kruschke2014doing,
	title={Doing Bayesian data analysis: A tutorial with R, JAGS, and Stan},
	author={Kruschke, John},
	year={2014},
	publisher={Academic Press}
}

@misc{Jia2018,
	author        = {Jia, Zhi},
	title         = {Posterior Model odds Estimation via Gibbs Sampler},
	year          = {2018},
	publisher = {University of Auckland},
	note ={University of Auckland. Unpublished dissertation}
}

@misc{baath2015,
	author        = {{B\r{a}\r{a}th}, R.},
	title         = {Introduction to Bayesian Data Analysis with R. \textit{ Lund University}},
	year          = {2015},
	publisher = {Lund University},
	note ={Retrieved from \url{http://www.sumsar.net/files/academia/user_2015_tutorial_bayesian_data_analysis_short_version.pdf}}
}

@misc{Wolfgang2016,
	author        = {Wolfgang, A.},
	title         = {Hierarchical Bayesian Modeling},
	year          = {2016},
	publisher = {Penn State},
	note ={Penn State. Retrieved from \url{https://astrostatistics.psu.edu/RLectures/hierarchical.pdf}}
}

@article{kruschke2015bayesian,
	title={Bayesian estimation in hierarchical models},
	author={Kruschke, John K and Vanpaemel, Wolf},
	journal={The Oxford handbook of computational and mathematical psychology},
	pages={279--299},
	year={2015},
	publisher={Oxford University Press Oxford, UK}
}

@misc{Hydnman2016,
	author        = {Hyndman, R. J.},
	title         = {Optimal forecast reconciliation for big time series data},
	year          = {2015},
	publisher = {https://robjhyndman.com},
	note ={Retrieved from \url{https://robjhyndman.com/talks/Google-Oct2015-part2.pdf}}
}

@article{hyndman2014optimally,
	title={Optimally reconciling forecasts in a hierarchy},
	author={Hyndman, Rob J and Athanasopoulos, George and others},
	journal={Foresight: The International Journal of Applied Forecasting},
	volume={1},
	number={35},
	pages={42--48},
	year={2014},
	publisher={International Institute of Forecasters}
}

@article{hyndman2011optimal,
	title={Optimal combination forecasts for hierarchical time series},
	author={Hyndman, Rob J and Ahmed, Roman A and Athanasopoulos, George and Shang, Han Lin},
	journal={Computational Statistics \& Data Analysis},
	volume={55},
	number={9},
	pages={2579--2589},
	year={2011},
	publisher={Elsevier}
}

@Manual{hts,
	title = {hts: Hierarchical and Grouped Time Series},
	author = {Rob Hyndman and Alan Lee and Earo Wang and Shanika Wickramasuriya},
	year = {2018},
	note = {R package version 5.1.5},
	url = {https://CRAN.R-project.org/package=hts},
}

@article{wickramasuriya2019optimal,
	title={Optimal forecast reconciliation for hierarchical and grouped time series through trace minimization},
	author={Wickramasuriya, Shanika L and Athanasopoulos, George and Hyndman, Rob J},
	journal={Journal of the American Statistical Association},
	volume={114},
	number={526},
	pages={804--819},
	year={2019},
	publisher={Taylor \& Francis}
}

@article{bolker2009generalized,
	title={Generalized linear mixed models: a practical guide for ecology and evolution},
	author={Bolker, Benjamin M and Brooks, Mollie E and Clark, Connie J and Geange, Shane W and Poulsen, John R and Stevens, M Henry H and White, Jada-Simone S},
	journal={Trends in ecology \& evolution},
	volume={24},
	number={3},
	pages={127--135},
	year={2009},
	publisher={Elsevier}
}

@article{gelman2007data,
	title={Data analysis using regression and hierarchical/multilevel models},
	author={Gelman, Andrew and Hill, Jennifer},
	journal={New York, NY: Cambridge},
	year={2007}
}

@article{park2004bayesian,
	title={Bayesian multilevel estimation with poststratification: State-level estimates from national polls},
	author={Park, David K and Gelman, Andrew and Bafumi, Joseph},
	journal={Political Analysis},
	volume={12},
	number={4},
	pages={375--385},
	year={2004},
	publisher={Cambridge University Press}
}

@article{gelman2006multilevel,
	title={Multilevel (hierarchical) modeling: what it can and cannot do},
	author={Gelman, Andrew},
	journal={Technometrics},
	volume={48},
	number={3},
	pages={432--435},
	year={2006},
	publisher={Taylor \& Francis}
}

@article{spiegelhalter2002bayesian,
	title={Bayesian measures of model complexity and fit},
	author={Spiegelhalter, David J and Best, Nicola G and Carlin, Bradley P and Van Der Linde, Angelika},
	journal={Journal of the royal statistical society: Series b (statistical methodology)},
	volume={64},
	number={4},
	pages={583--639},
	year={2002},
	publisher={Wiley Online Library}
}

@article{lau2019molecular,
	title={Molecular dissection of box jellyfish venom cytotoxicity highlights an effective venom antidote},
	author={Lau, Man-Tat and Manion, John and Littleboy, Jamie B and Oyston, Lisa and Khuong, Thang M and Wang, Qiao-Ping and Nguyen, David T and Hesselson, Daniel and Seymour, Jamie E and Neely, G Gregory},
	journal={Nature communications},
	volume={10},
	number={1},
	pages={1655},
	year={2019},
	publisher={Nature Publishing Group}
}

@article{grundmann2014current,
	title={The current state of bioterrorist attack surveillance and preparedness in the US},
	author={Grundmann, Oliver},
	journal={Risk management and healthcare policy},
	volume={7},
	pages={177},
	year={2014},
	publisher={Dove Press}
}

@book{carlin2008bayesian,
	title={Bayesian methods for data analysis},
	author={Carlin, Bradley P and Louis, Thomas A},
	year={2008},
	publisher={Chapman and Hall/CRC}
}

@inproceedings{golchi2016informative,
	title={Informative Priors and Bayesian Computation},
	author={Golchi, Shirin},
	booktitle={2016 IEEE International Conference on Data Science and Advanced Analytics (DSAA)},
	pages={782--789},
	year={2016},
	organization={IEEE}
}

@article{drechsler2008comparing,
	title={Comparing Fully and Partially Synthetic Datasets for Statistical Disclosure Control in the German IAB Establishment Panel.},
	author={Drechsler, J{\"o}rg and Bender, Stefan and R{\"a}ssler, Susanne},
	journal={Trans. Data Privacy},
	volume={1},
	number={3},
	pages={105--130},
	year={2008}
}

@book{drechsler2011synthetic,
	title={Synthetic datasets for statistical disclosure control: theory and implementation},
	author={Drechsler, J{\"o}rg},
	volume={201},
	year={2011},
	publisher={Springer Science \& Business Media}
}

@article{kass1998markov,
	title={Markov chain Monte Carlo in practice: a roundtable discussion},
	author={Kass, Robert E and Carlin, Bradley P and Gelman, Andrew and Neal, Radford M},
	journal={The American Statistician},
	volume={52},
	number={2},
	pages={93--100},
	year={1998},
	publisher={Taylor \& Francis Group}
}

@Misc{Cook17,
	author =   {Cook, J. D.},
	title =    {Effective sample size for MCMC},
	note = {Retrieved from \url{https://www.johndcook.com/blog/2017/06/27/effective-sample-size-for-mcmc/}},
	year =     2017
}

@Misc{MedlinePlus2019,
	author =   {{MedlinePlus Medical Encyclopedia}},
	title =    {Cor pulmonale},
	note = {Retrieved from \url{https://medlineplus.gov/ency/article/000129.htm}},
	year =     2019
}

@article{MSD2019,
	title={Portal vein thrombosis: insight into physiopathology, diagnosis, and treatment},
	author={Ponziani, Francesca R and Zocco, Maria A and Campanale, Chiara and Rinninella, Emanuele and Tortora, Annalisa and Di Maurizio, Luca and Bombardieri, Giuseppe and De Cristofaro, Raimondo and De Gaetano, Anna M and Landolfi, Raffaele and others},
	journal={World journal of gastroenterology: WJG},
	volume={16},
	number={2},
	pages={143},
	year={2010},
	publisher={Baishideng Publishing Group Inc}
}

@Manual{R2jags,
	title = {R2jags: Using R to Run 'JAGS'},
	author = {Su, Yu-Sung and Yajima, Masanao},
	year = {2015},
	note = {R package version 0.5-7},
	url = {https://CRAN.R-project.org/package=R2jags},
}

@Misc{stan2018,
	author =   {Betancourt, Michael},
	title =    {How the Shape of a Weakly Informative Prior Affects Inferences},
	note = {Retrieved from \url{https://mc-stan.org/users/documentation/case-studies/weakly_informative_shapes.html}},
	year =     2018
}

@article{gelman2006prior,
	title={Prior distributions for variance parameters in hierarchical models (comment on article by Browne and Draper)},
	author={Gelman, Andrew and others},
	journal={Bayesian analysis},
	volume={1},
	number={3},
	pages={515--534},
	year={2006},
	publisher={International Society for Bayesian Analysis}
}

@article{gelman2014understanding,
	title={Understanding predictive information criteria for Bayesian models},
	author={Gelman, Andrew and Hwang, Jessica and Vehtari, Aki},
	journal={Statistics and computing},
	volume={24},
	number={6},
	pages={997--1016},
	year={2014},
	publisher={Springer}
}

 